%Entries

@article{liddy2001natural,
	title={Natural language processing},
	author={Liddy, Elizabeth D},
	year={2001}
}

@article{cimiano2014ontology,
	title={Ontology-based semantics of natural language},
	author={Cimiano, Philipp and Unger, Christina and McCrae, John},
	journal={Synthesis Lectures on Human Language Technologies},
	volume={7},
	number={2},
	pages={1--178},
	year={2014},
	publisher={Morgan \& Claypool Publishers}
}

@book{brachman1992knowledge,
	title={Knowledge representation},
	author={Brachman, Ronald J and Levesque, Hector J and Reiter, Raymond},
	year={1992},
	publisher={MIT press}
}